<record><leader>03042nam a2200601 i 4500</leader><controlfield tag="001">6812124</controlfield><controlfield tag="003">CaPaEBR</controlfield><controlfield tag="006">m     o  d        </controlfield><controlfield tag="007">cr cn|||||||||</controlfield><controlfield tag="008">140711t20152015enk     ob    001 0 eng|d</controlfield><datafield ind1=" " ind2=" " tag="020"><subfield code="a">9781118700426 (e-book)</subfield></datafield><datafield ind1=" " ind2=" " tag="020"><subfield code="z">9781118488010 (cloth)</subfield></datafield><datafield ind1=" " ind2=" " tag="035"><subfield code="a">ocn883836559</subfield></datafield><datafield ind1=" " ind2=" " tag="039"><subfield code="a">exclude</subfield></datafield><datafield ind1=" " ind2=" " tag="040"><subfield code="a">CaPaEBR</subfield><subfield code="b">eng</subfield><subfield code="e">rda</subfield><subfield code="e">pn</subfield><subfield code="c">CaPaEBR</subfield><subfield code="d">AEU</subfield></datafield><datafield ind1="1" ind2="4" tag="050"><subfield code="a">TL574.A37</subfield><subfield code="b">W75 2015eb</subfield></datafield><datafield ind1="0" ind2="4" tag="082"><subfield code="a">629.132/362</subfield><subfield code="2">23</subfield></datafield><datafield ind1=" " ind2=" " tag="090"><subfield code="a">Internet Access</subfield><subfield code="b">AEC</subfield></datafield><datafield ind1=" " ind2=" " tag="090"><subfield code="a">Internet Access</subfield><subfield code="b">AEGMCT</subfield></datafield><datafield ind1=" " ind2=" " tag="090"><subfield code="a">Internet Access</subfield><subfield code="b">AGPC</subfield></datafield><datafield ind1=" " ind2=" " tag="090"><subfield code="a">Internet Access</subfield><subfield code="b">ARDC</subfield></datafield><datafield ind1=" " ind2=" " tag="090"><subfield code="a">Internet Access</subfield><subfield code="b">AEU</subfield></datafield><datafield ind1="1" ind2=" " tag="100"><subfield code="a">Wright, Jan R.,</subfield><subfield code="e">author.</subfield></datafield><datafield ind1="1" ind2="0" tag="245"><subfield code="a">Introduction to aircraft aeroelasticity and loads /</subfield><subfield code="c">Jan R. Wright, Jonathan E. Cooper.</subfield></datafield><datafield ind1=" " ind2=" " tag="250"><subfield code="a">Second edition.</subfield></datafield><datafield ind1=" " ind2=" " tag="300"><subfield code="a">1 online resource (605 pages).</subfield></datafield><datafield ind1=" " ind2=" " tag="336"><subfield code="a">text</subfield><subfield code="2">rdacontent</subfield></datafield><datafield ind1=" " ind2=" " tag="337"><subfield code="a">computer</subfield><subfield code="b">c</subfield><subfield code="2">rdamedia</subfield></datafield><datafield ind1=" " ind2=" " tag="338"><subfield code="a">online resource</subfield><subfield code="b">cr</subfield><subfield code="2">rdacarrier</subfield></datafield><datafield ind1="1" ind2=" " tag="490"><subfield code="a">Aerospace series</subfield></datafield><datafield ind1=" " ind2=" " tag="504"><subfield code="a">Includes bibliographical references and index.</subfield></datafield><datafield ind1=" " ind2=" " tag="506"><subfield code="a">Access restricted to authorized users and institutions.</subfield></datafield><datafield ind1=" " ind2=" " tag="588"><subfield code="a">Description based on print version record.</subfield></datafield><datafield ind1=" " ind2=" " tag="596"><subfield code="a">21 35 44 57 60</subfield></datafield><datafield ind1=" " ind2="0" tag="650"><subfield code="a">Aeroelasticity.</subfield></datafield><datafield ind1="1" ind2=" " tag="700"><subfield code="a">Cooper, Jonathan E.,</subfield><subfield code="e">author.</subfield></datafield><datafield ind1=" " ind2="0" tag="830"><subfield code="a">Aerospace series (Chichester, England)</subfield></datafield><datafield ind1="4" ind2="0" tag="856"><subfield code="3">Concordia University of Edmonton Access</subfield><subfield code="u">http://site.ebrary.com/lib/concordiaab/Doc?id=11005737</subfield><subfield code="z">(Unlimited Concurrent Users)</subfield><subfield code="z">from ebrary Academic Complete</subfield></datafield><datafield ind1="4" ind2="0" tag="856"><subfield code="3">Grande Prairie Regional College Access</subfield><subfield code="u">http://ezproxy.agpc.talonline.ca:80/login?url=http://site.ebrary.com/lib/gprc/Doc?id=11005737</subfield><subfield code="z">(Unlimited Concurrent Users)</subfield><subfield code="z">from ebrary Academic Complete</subfield></datafield><datafield ind1="4" ind2="0" tag="856"><subfield code="3">MacEwan University Access</subfield><subfield code="u">http://site.ebrary.com/lib/macewan/Doc?id=11005737</subfield><subfield code="z">(Unlimited Concurrent Users)</subfield><subfield code="z">from ebrary Academic Complete</subfield></datafield><datafield ind1="4" ind2="0" tag="856"><subfield code="3">Red Deer College Access</subfield><subfield code="u">http://site.ebrary.com/lib/rdcollege/Doc?id=11005737</subfield><subfield code="z">(Unlimited Concurrent Users)</subfield><subfield code="z">from ebrary Academic Complete</subfield></datafield><datafield ind1="4" ind2="0" tag="856"><subfield code="3">University of Alberta Access</subfield><subfield code="u">http://dx.doi.org/10.1002/9781118700440</subfield><subfield code="z">(Unlimited Concurrent Users)</subfield></datafield><datafield ind1=" " ind2=" " tag="949"><subfield code="h">UAIN</subfield><subfield code="m">CONCORDIA</subfield><subfield code="z">EBRARYACCN</subfield></datafield><datafield ind1=" " ind2=" " tag="949"><subfield code="h">UAIN</subfield><subfield code="m">GPRC_INT</subfield><subfield code="z">EBRARYACGP</subfield></datafield><datafield ind1=" " ind2=" " tag="949"><subfield code="h">UAIN</subfield><subfield code="m">GR_MAC_INT</subfield><subfield code="z">EBRARYACGM</subfield></datafield><datafield ind1=" " ind2=" " tag="949"><subfield code="h">UAIN</subfield><subfield code="m">RED_DEER_C</subfield><subfield code="z">EBRARYACRD</subfield></datafield><datafield ind1=" " ind2=" " tag="919"><subfield code="b">7425498</subfield></datafield><datafield ind1=" " ind2=" " tag="919"><subfield code="a">ebr11005737</subfield></datafield><datafield ind1=" " ind2=" " tag="926"><subfield code="a">Internet Access</subfield><subfield code="w">LC</subfield><subfield code="c">1</subfield><subfield code="i">6812124-1001</subfield><subfield code="l">INTERNET</subfield><subfield code="m">UAINTERNET</subfield><subfield code="r">Y</subfield><subfield code="s">Y</subfield><subfield code="t">E-RESOURCE</subfield><subfield code="u">2/25/2015</subfield><subfield code="x">E-BOOK</subfield><subfield code="z">WILEYOL</subfield></datafield><datafield ind1=" " ind2=" " tag="926"><subfield code="a">Internet Access</subfield><subfield code="w">LC</subfield><subfield code="c">1</subfield><subfield code="i">6812124-2001</subfield><subfield code="k">DISCARD</subfield><subfield code="l">INTERNET</subfield><subfield code="m">CONCORDIA</subfield><subfield code="r">Y</subfield><subfield code="s">Y</subfield><subfield code="t">E-RESOURCE</subfield><subfield code="u">5/30/2016</subfield><subfield code="x">E-BOOK</subfield><subfield code="z">EBRARYACCN</subfield></datafield><datafield ind1=" " ind2=" " tag="926"><subfield code="a">Internet Access</subfield><subfield code="w">LC</subfield><subfield code="c">1</subfield><subfield code="i">6812124-3001</subfield><subfield code="k">DISCARD</subfield><subfield code="l">INTERNET</subfield><subfield code="m">GPRC_INT</subfield><subfield code="r">Y</subfield><subfield code="s">Y</subfield><subfield code="t">E-RESOURCE</subfield><subfield code="u">5/30/2016</subfield><subfield code="x">E-BOOK</subfield><subfield code="z">EBRARYACGP</subfield></datafield><datafield ind1=" " ind2=" " tag="926"><subfield code="a">Internet Access</subfield><subfield code="w">LC</subfield><subfield code="c">1</subfield><subfield code="i">6812124-4001</subfield><subfield code="k">DISCARD</subfield><subfield code="l">INTERNET</subfield><subfield code="m">GR_MAC_INT</subfield><subfield code="r">Y</subfield><subfield code="s">Y</subfield><subfield code="t">E-RESOURCE</subfield><subfield code="u">5/30/2016</subfield><subfield code="x">E-BOOK</subfield><subfield code="z">EBRARYACGM</subfield></datafield><datafield ind1=" " ind2=" " tag="926"><subfield code="a">Internet Access</subfield><subfield code="w">LC</subfield><subfield code="c">1</subfield><subfield code="i">6812124-5001</subfield><subfield code="k">DISCARD</subfield><subfield code="l">INTERNET</subfield><subfield code="m">RED_DEER_C</subfield><subfield code="r">Y</subfield><subfield code="s">Y</subfield><subfield code="t">E-RESOURCE</subfield><subfield code="u">5/30/2016</subfield><subfield code="x">E-BOOK</subfield><subfield code="z">EBRARYACRD</subfield></datafield></record>